<?xml version = "1.0" encoding = "UTF-8"?><OAI-PMH xmlns="http://www.openarchives.org/OAI/2.0/" xmlns:xsi="http://www.w3.org/2001/XMLSchema-instance" xsi:schemaLocation="http://www.openarchives.org/OAI/2.0/ http://www.openarchives.org/OAI/2.0/OAI-PMH.xsd"><ListRecords><record><header><identifier>aleph-publish:011747573</identifier></header><metadata><record xmlns="http://www.ddb.de/professionell/mabxml/mabxml-1.xsd"><leader>00180vM2.01200024------u</leader><controlfield tag="LDR">00180vM2.01200024------u</controlfield><controlfield tag="FMT">MU</controlfield><datafield tag="001" ind1="-" ind2="1"><subfield code="a">HT013424270</subfield></datafield><datafield tag="001" ind1="-" ind2="2"><subfield code="a">HT005073429</subfield></datafield><datafield tag="002" ind1="a" ind2="1"><subfield code="a">20020814</subfield></datafield><datafield tag="002" ind1="a" ind2="2"><subfield code="a">19960108</subfield></datafield><datafield tag="003" ind1="-" ind2="2"><subfield code="a">20070127</subfield></datafield><datafield tag="010" ind1="-" ind2="1"><subfield code="a">HT005073429</subfield></datafield><controlfield tag="030">a|1uc||||||||</controlfield><controlfield tag="050">a|||||||||||||</controlfield><datafield tag="070" ind1="-" ind2="1"><subfield code="a">361</subfield></datafield><datafield tag="070" ind1="-" ind2="2"><subfield code="a">361</subfield></datafield><datafield tag="080" ind1="-" ind2="1"><subfield code="a">60</subfield></datafield><datafield tag="080" ind1="-" ind2="2"><subfield code="a">60</subfield></datafield><controlfield tag="089">132. 2001</controlfield><datafield tag="090" ind1="-" ind2="1"><subfield code="a">132</subfield></datafield><datafield tag="200" ind1="b" ind2="2"><subfield code="k">Gesellschaft für Erdkunde zu Berlin</subfield><subfield code="9">(DE-588)10181-3</subfield></datafield><datafield tag="201" ind1="-" ind2="2"><subfield code="k">Geographische Gesellschaft in Berlin</subfield></datafield><datafield tag="201" ind1="-" ind2="2"><subfield code="k">Geographical Society of Berlin</subfield></datafield><datafield tag="201" ind1="-" ind2="2"><subfield code="k">Gesellschaft für Erdkunde zu Berlin im Alexander-von-Humboldt-Haus</subfield></datafield><datafield tag="201" ind1="-" ind2="2"><subfield code="k">Geographische Gesellschaft</subfield><subfield code="h">Berlin</subfield></datafield><datafield tag="201" ind1="-" ind2="2"><subfield code="k">Gesellschaft für Erdkunde</subfield><subfield code="h">Berlin</subfield></datafield><datafield tag="201" ind1="-" ind2="2"><subfield code="k">Berlinische Gesellschaft für Erdkunde</subfield></datafield><datafield tag="331" ind1="-" ind2="2"><subfield code="a">&lt;&lt;Die&gt;&gt; Erde</subfield></datafield><datafield tag="335" ind1="-" ind2="2"><subfield code="a">Zeitschrift der Gesellschaft fuer Erdkunde zu Berlin</subfield></datafield><datafield tag="410" ind1="-" ind2="2"><subfield code="a">Berlin</subfield></datafield><datafield tag="412" ind1="-" ind2="2"><subfield code="a">Ges.</subfield></datafield><datafield tag="425" ind1="a" ind2="1"><subfield code="a">2001</subfield></datafield><datafield tag="501" ind1="-" ind2="2"><subfield code="a">Ab 1957 wird die Zaehlung des Vorgaengers uebernommen und fortgefuehrt</subfield></datafield><datafield tag="531" ind1="-" ind2="2"><subfield code="p">Früher u.d.T.</subfield><subfield code="a">Gesellschaft fuer Erdkunde &lt;Berlin&gt; : Zeitschrift der Gesellschaft fuer Erdkunde zu Berlin</subfield></datafield><datafield tag="540" ind1="-" ind2="1"><subfield code="a">3-87670-901-6</subfield></datafield><datafield tag="542" ind1="a" ind2="2"><subfield code="a">0013-9998</subfield></datafield><datafield tag="902" ind1="-" ind2="1"><subfield code="k">Gesellschaft für Erdkunde zu Berlin</subfield><subfield code="9">(DE-588)10181-3</subfield></datafield><datafield tag="902" ind1="-" ind2="1"><subfield code="z">Geschichte</subfield></datafield><datafield tag="902" ind1="-" ind2="1"><subfield code="f">Aufsatzsammlung</subfield></datafield><datafield tag="902" ind1="-" ind2="2"><subfield code="s">Geografie</subfield><subfield code="9">(DE-588)4020216-1</subfield></datafield><datafield tag="902" ind1="-" ind2="2"><subfield code="s">Zeitschrift</subfield><subfield code="9">(DE-588)4067488-5</subfield></datafield><controlfield tag="SYS">011747573</controlfield><datafield tag="LOW" ind1="-" ind2="1"><subfield code="a">C0001</subfield></datafield><datafield tag="952" ind1="-" ind2="1"><subfield code="k">Geographische Gesellschaft in Berlin</subfield></datafield><datafield tag="952" ind1="-" ind2="1"><subfield code="k">Geographical Society of Berlin</subfield></datafield><datafield tag="952" ind1="-" ind2="1"><subfield code="k">Gesellschaft für Erdkunde zu Berlin im Alexander-von-Humboldt-Haus</subfield></datafield><datafield tag="952" ind1="-" ind2="1"><subfield code="k">Geographische Gesellschaft</subfield><subfield code="h">Berlin</subfield></datafield><datafield tag="952" ind1="-" ind2="1"><subfield code="k">Gesellschaft für Erdkunde</subfield><subfield code="h">Berlin</subfield></datafield><datafield tag="952" ind1="-" ind2="1"><subfield code="k">Berlinische Gesellschaft für Erdkunde</subfield></datafield><datafield tag="952" ind1="-" ind2="2"><subfield code="s">Geographie</subfield></datafield><datafield tag="952" ind1="-" ind2="2"><subfield code="s">Allgemeine Geographie</subfield></datafield><datafield tag="952" ind1="-" ind2="2"><subfield code="s">Geographische Landeskunde</subfield></datafield><datafield tag="952" ind1="-" ind2="2"><subfield code="s">Erdkunde</subfield></datafield><datafield tag="952" ind1="-" ind2="2"><subfield code="s">Allgemeine Geografie</subfield></datafield><datafield tag="952" ind1="-" ind2="2"><subfield code="s">Geografische Landeskunde</subfield></datafield><datafield tag="952" ind1="-" ind2="2"><subfield code="s">Periodikum</subfield></datafield><datafield tag="952" ind1="-" ind2="2"><subfield code="s">Zeitschriften</subfield></datafield><datafield tag="088" ind1=" " ind2=" "><subfield code="a">361</subfield><subfield code="b">00000022</subfield><subfield code="c">GA000 E66[132</subfield><subfield code="e">Keine Angabe</subfield></datafield></record></metadata></record></ListRecords></OAI-PMH>